<record><leader>00000cas a22000007a 4500</leader><controlfield tag="001">11460719</controlfield><controlfield tag="008">841206c19849999ohudn ne      0   a0eng d</controlfield><controlfield tag="009">467</controlfield><datafield ind1=" " ind2=" " tag="010"><subfield code="a">sn 84002066 </subfield></datafield><datafield ind1=" " ind2=" " tag="040"><subfield code="a">NSD</subfield><subfield code="b">eng</subfield><subfield code="c">NSD</subfield><subfield code="d">ONP</subfield><subfield code="d">OCLCQ</subfield><subfield code="d">DLC</subfield><subfield code="d">OCLCQ</subfield></datafield><datafield ind1=" " ind2=" " tag="012"><subfield code="m">1</subfield></datafield><datafield ind1="1" ind2=" " tag="022"><subfield code="a">8750-4650</subfield><subfield code="l">8750-4650</subfield><subfield code="2">1</subfield></datafield><datafield ind1="1" ind2=" " tag="029"><subfield code="a">AU@</subfield><subfield code="b">000020343879</subfield></datafield><datafield ind1=" " ind2=" " tag="032"><subfield code="a">694540</subfield><subfield code="b">USPS</subfield></datafield><datafield ind1=" " ind2=" " tag="037"><subfield code="b">Xenia Daily Gazette, 37 S. Detroit St., Xenia, OH 45385</subfield></datafield><datafield ind1=" " ind2=" " tag="042"><subfield code="a">nsdp</subfield></datafield><datafield ind1="0" ind2=" " tag="130"><subfield code="a">Xenia daily gazette (Xenia, Ohio : 1984)</subfield></datafield><datafield ind1=" " ind2="4" tag="222"><subfield code="a">The Xenia daily gazette</subfield></datafield><datafield ind1="0" ind2="4" tag="245"><subfield code="a">The Xenia daily gazette.</subfield></datafield><datafield ind1=" " ind2=" " tag="260"><subfield code="a">Xenia, Ohio :</subfield><subfield code="b">Donald C. Hopf,</subfield><subfield code="c">1984-</subfield></datafield><datafield ind1=" " ind2=" " tag="300"><subfield code="a">v.</subfield></datafield><datafield ind1=" " ind2=" " tag="310"><subfield code="a">Daily (except Sunday, Independence Day &amp; Christmas)</subfield></datafield><datafield ind1="0" ind2=" " tag="362"><subfield code="a">Vol. 117, no. 251 (Sept. 17, 1984)-</subfield></datafield><datafield ind1=" " ind2="4" tag="651"><subfield code="a">Xenia (Ohio)</subfield><subfield code="v">Newspapers.</subfield></datafield><datafield ind1=" " ind2="4" tag="651"><subfield code="a">Greene County (Ohio)</subfield><subfield code="v">Newspapers.</subfield></datafield><datafield ind1=" " ind2=" " tag="752"><subfield code="a">United States</subfield><subfield code="b">Ohio</subfield><subfield code="c">Greene</subfield><subfield code="d">Xenia.</subfield></datafield><datafield ind1="0" ind2="0" tag="780"><subfield code="t">Daily gazette (Xenia, Ohio)</subfield><subfield code="x">0747-0525</subfield><subfield code="w">(DLC)sn 84007590</subfield></datafield><datafield ind1="0" ind2="0" tag="785"><subfield code="t">Gazette news current</subfield><subfield code="x">2150-9212</subfield><subfield code="w">(DLC)  2009201959</subfield></datafield><datafield ind1=" " ind2=" " tag="936"><subfield code="a">Oct. 25, 1984</subfield></datafield></record>